<record><leader>00000cas a2200000 a 4500</leader><controlfield tag="001">10288712</controlfield><controlfield tag="008">840111c19569999nmuwr ne      0    0eng d</controlfield><datafield ind1=" " ind2=" " tag="010"><subfield code="a">sn 88063136 </subfield></datafield><datafield ind1=" " ind2=" " tag="040"><subfield code="a">IQU</subfield><subfield code="b">eng</subfield><subfield code="c">IQU</subfield><subfield code="d">DLC</subfield><subfield code="d">NVM</subfield><subfield code="d">DLC</subfield><subfield code="d">OCL</subfield><subfield code="d">OCLCQ</subfield><subfield code="d">OCLCF</subfield><subfield code="d">OCLCO</subfield></datafield><datafield ind1="1" ind2=" " tag="029"><subfield code="a">AU@</subfield><subfield code="b">000010970806</subfield></datafield><datafield ind1=" " ind2=" " tag="032"><subfield code="a">46622000</subfield><subfield code="b">USPS</subfield></datafield><datafield ind1=" " ind2=" " tag="037"><subfield code="b">Sun Company, Inc., P.O. Box 790, Espanola, N.M. 87532</subfield></datafield><datafield ind1=" " ind2=" " tag="042"><subfield code="a">msc</subfield></datafield><datafield ind1=" " ind2=" " tag="043"><subfield code="a">n-us-nm</subfield></datafield><datafield ind1=" " ind2=" " tag="090"><subfield code="a">AN2</subfield><subfield code="b">.R51</subfield></datafield><datafield ind1="0" ind2="0" tag="245"><subfield code="a">Rio Grande sun.</subfield></datafield><datafield ind1=" " ind2=" " tag="260"><subfield code="a">Espanola, N.M. :</subfield><subfield code="b">Sun Co.</subfield></datafield><datafield ind1=" " ind2=" " tag="300"><subfield code="a">v.</subfield></datafield><datafield ind1=" " ind2=" " tag="310"><subfield code="a">Weekly</subfield></datafield><datafield ind1=" " ind2=" " tag="321"><subfield code="a">Weekly,</subfield><subfield code="b">Oct. 4, 1956-Feb. 5, 1970</subfield></datafield><datafield ind1=" " ind2=" " tag="321"><subfield code="a">Biweekly,</subfield><subfield code="b">Feb. 10, 1970-Jan. 12, 1971</subfield></datafield><datafield ind1="0" ind2=" " tag="362"><subfield code="a">Vol. 1, no. 1 (Oct. 4, 1956)-</subfield></datafield><datafield ind1=" " ind2="0" tag="651"><subfield code="a">Espanola (N.M.)</subfield><subfield code="v">Newspapers.</subfield></datafield><datafield ind1=" " ind2="0" tag="651"><subfield code="a">Rio Arriba County (N.M.)</subfield><subfield code="v">Newspapers.</subfield></datafield><datafield ind1=" " ind2="7" tag="655"><subfield code="a">Newspapers.</subfield><subfield code="2">fast</subfield><subfield code="0">(OCoLC)fst01423814</subfield></datafield><datafield ind1=" " ind2="7" tag="651"><subfield code="a">New Mexico</subfield><subfield code="z">Espanola.</subfield><subfield code="2">fast</subfield><subfield code="0">(OCoLC)fst01220473</subfield></datafield><datafield ind1=" " ind2="7" tag="651"><subfield code="a">New Mexico</subfield><subfield code="z">Rio Arriba County.</subfield><subfield code="2">fast</subfield><subfield code="0">(OCoLC)fst01220265</subfield></datafield><datafield ind1=" " ind2=" " tag="752"><subfield code="a">United States</subfield><subfield code="b">New Mexico</subfield><subfield code="c">Rio Arriba</subfield><subfield code="d">Espanola.</subfield></datafield><datafield ind1="0" ind2="5" tag="780"><subfield code="t">Espanola Valley news</subfield><subfield code="w">(DLC)sn 84020649</subfield></datafield></record>